@article{beamer2013direction,
  title={Direction-optimizing breadth-first search},
  author={Beamer, Scott and Asanovi{\'c}, Krste and Patterson, David},
  journal={Scientific Programming},
  volume={21},
  number={3-4},
  pages={137--148},
  year={2013},
  publisher={Hindawi Publishing Corporation}
}
@inproceedings{bulucc2011parallel,
  title={Parallel breadth-first search on distributed memory systems},
  author={Bulu{\c{c}}, Aydin and Madduri, Kamesh},
  booktitle={Proceedings of 2011 International Conference for High Performance Computing, Networking, Storage and Analysis},
  pages={65},
  year={2011},
  organization={ACM}
}
@article{er1983parallel,
  title={A parallel computation approach to topological sorting},
  author={Er, MC},
  journal={The Computer Journal},
  volume={26},
  number={4},
  pages={293--295},
  year={1983},
  publisher={Br Computer Soc}
}
@inproceedings{ma1997efficient,
  title={Efficient parallel and distributed topological sort algorithms},
  author={Ma, Jun and Iwama, Kazuo and Takaoka, Tadao and Gu, Qian-Ping},
  booktitle={Parallel Algorithms/Architecture Synthesis, 1997. Proceedings., Second Aizu International Symposium},
  pages={378--383},
  year={1997},
  organization={IEEE}
}
@article{musco2014generative,
  title={A Generative Model of Software Dependency Graphs to Better Understand Software Evolution},
  author={Musco, Vincenzo and Monperrus, Martin and Preux, Philippe},
  journal={arXiv preprint arXiv:1410.7921},
  year={2014}
}

